<marc:record xmlns:marc="http://www.loc.gov/MARC21/slim" xmlns:xsi="http://www.w3.org/2001/XMLSchema-instance" xsi:schemaLocation="http://www.loc.gov/MARC21/slim http://www.loc.gov/standards/marcxml/schema/MARC21slim.xsd">
  <marc:leader>     cam a2200325 a 4500</marc:leader>
  <marc:controlfield tag="001">002820598</marc:controlfield>
  <marc:controlfield tag="003">NNU</marc:controlfield>
  <marc:controlfield tag="005">20061010172049.0</marc:controlfield>
  <marc:controlfield tag="008">870602s1965    iq            000 0 ararc</marc:controlfield>
  <marc:datafield tag="010" ind1=" " ind2=" ">
    <marc:subfield code="a">ne 66001397</marc:subfield>
  </marc:datafield>
  <marc:datafield tag="035" ind1="9" ind2=" ">
    <marc:subfield code="a">NYUb10528315</marc:subfield>
  </marc:datafield>
  <marc:datafield tag="035" ind1=" " ind2=" ">
    <marc:subfield code="a">(CStRLIN)NYUG87-B18111</marc:subfield>
  </marc:datafield>
  <marc:datafield tag="040" ind1=" " ind2=" ">
    <marc:subfield code="a">Princeton Univ. Libr.</marc:subfield>
    <marc:subfield code="c">CU</marc:subfield>
    <marc:subfield code="d">CU</marc:subfield>
    <marc:subfield code="d">NNU</marc:subfield>
  </marc:datafield>
  <marc:datafield tag="066" ind1=" " ind2=" ">
    <marc:subfield code="c">(3</marc:subfield>
  </marc:datafield>
  <marc:datafield tag="090" ind1=" " ind2=" ">
    <marc:subfield code="a">PJ7741.S35</marc:subfield>
    <marc:subfield code="b">Z6</marc:subfield>
  </marc:datafield>
  <marc:datafield tag="100" ind1="1" ind2=" ">
    <marc:subfield code="a">Marzubānī, Muḥammad ibn ʻImrān,</marc:subfield>
    <marc:subfield code="d">909?-994?</marc:subfield>
    <marc:subfield code="6">01</marc:subfield>
  </marc:datafield>
  <marc:datafield tag="100" ind1="1" ind2=" ">
    <marc:subfield code="6">01</marc:subfield>
    <marc:subfield code="a">مرزباني، محمد بن عمران.</marc:subfield>
  </marc:datafield>
  <marc:datafield tag="245" ind1="1" ind2="0">
    <marc:subfield code="6">02</marc:subfield>
    <marc:subfield code="a">Akhbār al-Sayyid al-Ḥimyarī /</marc:subfield>
    <marc:subfield code="c">li-Abī ʻUbayd Allāh Muḥammad ibn ʻImrān al-Marzubānī al-Khurāsānī ; taḥqīq Muḥammad Hādī al-Amīnī.</marc:subfield>
  </marc:datafield>
  <marc:datafield tag="245" ind1="1" ind2="0">
    <marc:subfield code="6">02</marc:subfield>
    <marc:subfield code="a">أخبار السيد الحميري /</marc:subfield>
    <marc:subfield code="c">لأبي عبيد الله محمد بن عمران المرزباني الخراساني ؛ تحقيق محمد هادي الأميني.</marc:subfield>
  </marc:datafield>
  <marc:datafield tag="250" ind1=" " ind2=" ">
    <marc:subfield code="6">03</marc:subfield>
    <marc:subfield code="a">al-Ṭabʻah 1.</marc:subfield>
  </marc:datafield>
  <marc:datafield tag="250" ind1=" " ind2=" ">
    <marc:subfield code="6">03</marc:subfield>
    <marc:subfield code="a">الطبعة ١.</marc:subfield>
  </marc:datafield>
  <marc:datafield tag="260" ind1=" " ind2=" ">
    <marc:subfield code="6">04</marc:subfield>
    <marc:subfield code="a">al-Najaf :</marc:subfield>
    <marc:subfield code="b">Dār al-Bāqir,</marc:subfield>
    <marc:subfield code="c">1965.</marc:subfield>
  </marc:datafield>
  <marc:datafield tag="260" ind1=" " ind2=" ">
    <marc:subfield code="6">04</marc:subfield>
    <marc:subfield code="a">النجف :</marc:subfield>
    <marc:subfield code="b">دار الباقر،</marc:subfield>
    <marc:subfield code="c">١٩٦٥.</marc:subfield>
  </marc:datafield>
  <marc:datafield tag="300" ind1=" " ind2=" ">
    <marc:subfield code="a">71 p. ;</marc:subfield>
    <marc:subfield code="c">22 cm.</marc:subfield>
  </marc:datafield>
  <marc:datafield tag="490" ind1="1" ind2=" ">
    <marc:subfield code="6">05</marc:subfield>
    <marc:subfield code="a">Rasāʼil al-Marzubānī ;</marc:subfield>
    <marc:subfield code="v">1</marc:subfield>
  </marc:datafield>
  <marc:datafield tag="490" ind1="1" ind2=" ">
    <marc:subfield code="6">05</marc:subfield>
    <marc:subfield code="a">رسائل المرزباني ؛</marc:subfield>
    <marc:subfield code="v">١</marc:subfield>
  </marc:datafield>
  <marc:datafield tag="600" ind1="1" ind2="0">
    <marc:subfield code="a">Sayyid al-Ḥimyarī, Ismāʻil ibn Muḥammad,</marc:subfield>
    <marc:subfield code="d">723-789.</marc:subfield>
  </marc:datafield>
  <marc:datafield tag="700" ind1="1" ind2=" ">
    <marc:subfield code="a">Amīnī, Muḥammad Hādī</marc:subfield>
    <marc:subfield code="6">06</marc:subfield>
  </marc:datafield>
  <marc:datafield tag="700" ind1="1" ind2=" ">
    <marc:subfield code="6">06</marc:subfield>
    <marc:subfield code="a">أميني، محمد هادي.</marc:subfield>
  </marc:datafield>
  <marc:datafield tag="800" ind1="1" ind2=" ">
    <marc:subfield code="a">Marzubānī, Muḥammad ibn ʻImrān,</marc:subfield>
    <marc:subfield code="d">909?-994?</marc:subfield>
    <marc:subfield code="t">Rasāʼil al-Marzubānī ;</marc:subfield>
    <marc:subfield code="v">1.</marc:subfield>
  </marc:datafield>
  <marc:datafield tag="998" ind1=" " ind2=" ">
    <marc:subfield code="a">20010829</marc:subfield>
    <marc:subfield code="d">19870602</marc:subfield>
    <marc:subfield code="d">20020425</marc:subfield>
    <marc:subfield code="n">NNU</marc:subfield>
    <marc:subfield code="s">1</marc:subfield>
    <marc:subfield code="t">c</marc:subfield>
    <marc:subfield code="z">p</marc:subfield>
  </marc:datafield>
</marc:record>
